@Misc{statista:uso_celular,
  author        = {Statista},
  title         = {Number of smartphone users worldwide from 2014 to 2029 },
  year          = {2024},
  timestamp     = {2024-11-08},
  url           = {https://www.statista.com/forecasts/1143723/smartphone-users-in-the-world},
  urlaccessdate = {09 mar. 2017},
}